@article{mckinney2010pandas,
    author = {McKinney, Wes},
    title = {Data Structures for Statistical Computing in Python},
    journal = {Proceedings of the 9th Python in Science Conference},
    year = {2010},
    pages = {51-56},
    doi = {10.25080/Majora-92bf1922-00a},
    url = {https://conference.scipy.org/proceedings/scipy2010/mckinney.html}
}

@article{harris2020array,
    title = {Array programming with {NumPy}},
    author = {Harris, Charles R. and Millman, K. Jarrod and van der Walt, Stéfan J. and
              Gommers, Ralf and Virtanen, Pauli and Cournapeau, David and
              Wieser, Eric and Taylor, Julian and Berg, Sebastian and
              Smith, Nathaniel J. and Kern, Robert and Picus, Matti and
              Hoyer, Stephan and van Kerkwijk, Marten H. and Brett, Matthew and
              Haldane, Allan and Fernández del Río, Jaime and Wiebe, Mark and
              Peterson, Pearu and Gérard-Marchant, Pierre and Sheppard, Kevin and
              Reddy, Tyler and Weckesser, Warren and Abbasi, Hameer and Gohlke, Christoph and
              Oliphant, Travis E.},
    year = {2020},
    journal = {Nature},
    volume = {585},
    pages = {357--362},
    doi = {10.1038/s41586-020-2649-2},
    url = {https://doi.org/10.1038/s41586-020-2649-2}
}